
@book{miessler_inorganic_2014,
	address = {Boston},
	edition = {Fifth edition},
	title = {Inorganic chemistry},
	isbn = {9780321811059},
	publisher = {Pearson},
	author = {Miessler, Gary L. and Fischer, Paul J. and Tarr, Donald A.},
	year = {2014},
	keywords = {Chemistry, Inorganic, Textbooks},
}
