@book{atkins2014,
	title={Atkins' physical chemistry},
	author={Atkins, Peter and Atkins, Peter William and de Paula, Julio},
	year={2014},
	publisher={Oxford university press}
}

@article{figgis2002,
	title={Ligand Field Theory and Its Applications (Figgis, Brian N.; Hitchman, Michael A.)},
	author={Turner, John FC},
	journal={Journal of Chemical Education},
	volume={79},
	number={9},
	pages={1072},
	year={2002},
	publisher={ACS Publications}
}

@article{larsen1974,
	title={The angular overlap model. How to use it and why},
	author={Larsen, Erik and La Mar, Gerd N},
	journal={Journal of Chemical Education},
	volume={51},
	number={10},
	pages={633},
	year={1974},
	publisher={ACS Publications}
}

@article{underhill1966,
	title={Calculations of the racah parameter B for nickel (II) and cobalt (II) compounds},
	author={Underhill, AE and Billing, DE},
	journal={Nature},
	volume={210},
	number={5038},
	pages={834--835},
	year={1966},
	publisher={Nature Publishing Group}
}

@article{thomascolwell2022,
	title={Tuning Cobalt (II) Phosphine Complexes to be Axially Ambivalent},
	author={Thomas-Colwell, Jack and Sookezian, Arvin and Kurtz, Daniel A and Kallick, Jeremy and Henling, Lawrence M and Stich, Troy A and Hill, Michael G and Hunter, Bryan M},
	journal={Inorganic chemistry},
	volume={61},
	number={32},
	pages={12625--12634},
	year={2022},
	publisher={ACS Publications}
}

@misc{bronova2018,
	title={BonnMag: Computer program for ligand-field analysis of f n systems within the angular overlap model},
	author={Bronova, Anna and Bredow, Thomas and Glaum, Robert and Riley, Mark J and Urland, Werner},
	year={2018},
	publisher={Wiley Online Library}
}

@article{van2006,
	title={Digital divide research, achievements and shortcomings},
	author={Van Dijk, Jan AGM},
	journal={Poetics},
	volume={34},
	number={4-5},
	pages={221--235},
	year={2006},
	publisher={Elsevier}
}


@misc{d3,
	title = {Home · d3/d3 {Wiki}},
	url = {https://github.com/d3/d3},
	abstract = {Bring data to life with SVG, Canvas and HTML. :bar\_chart::chart\_with\_upwards\_trend::tada: - Home · d3/d3 Wiki},
	language = {en},
	urldate = {2022-12-17},
	journal = {GitHub},
}

@misc{chartjs,
	title = {Chart.js {\textbar} {Chart}.js},
	url = {https://www.chartjs.org/docs/latest/},
	urldate = {2022-12-17},
}

@misc{d3_vs_chartjs,
	title = {Comparisons in {Coding}: {Using} {Chart}.js vs {D3}.js, {From} a {Beginner}’s {Perspective}},
	shorttitle = {Comparisons in {Coding}},
	url = {https://medium.com/swlh/comparisons-in-coding-using-chart-js-vs-d3-js-from-a-beginners-perspective-51f9c04911f1},
	abstract = {JavaScript has a shockingly large number of libraries, around ninety-eight to give a solid estimate. The two of which I have worked with…},
	language = {en},
	urldate = {2022-12-17},
	journal = {The Startup},
	author = {Szymula, Ania},
	month = dec,
	year = {2020},
}


@misc{threejs,
	title = {Creating a scene – three.js docs},
	url = {https://threejs.org/docs/index.html#manual/en/introduction/Creating-a-scene},
	urldate = {2022-12-17},
}


@misc{threejs_vs_webgl,
	title = {Three.js {Journey} — {What} is {WebGL} and why use {Three}.js},
	url = {https://threejs-journey.com/lessons/what-is-webgl-and-why-use-three-js},
	abstract = {The ultimate Three.js course whether you are a beginner or a more advanced developer},
	language = {en},
	urldate = {2022-12-17},
	journal = {Three.js Journey},
}

@misc{webgl_alternatives,
	title = {What are some alternatives to {WebGL}?},
	url = {https://stackshare.io/webgl/alternatives},
	abstract = {OpenGL, HTML5, D3.js, three.js, and WebAssembly are the most popular alternatives and competitors to WebGL.},
	language = {en},
	urldate = {2022-12-17},
	journal = {Stackshare},
}

@misc{react,
	title = {React – {A} {JavaScript} library for building user interfaces},
	url = {https://reactjs.org/},
	abstract = {A JavaScript library for building user interfaces},
	language = {en},
	urldate = {2022-12-17},
}

@misc{heroku_removal_of_free_tier,
	title = {Removal of {Heroku} {Free} {Product} {Plans} {FAQ} - {Heroku} {Help}},
	url = {https://help.heroku.com/RSBRUH58/removal-of-heroku-free-product-plans-faq},
	urldate = {2022-12-17},
}

@misc{deploying_django,
	title = {Deploying {Python} and {Django} {Apps} on {Heroku} {\textbar} {Heroku} {Dev} {Center}},
	url = {https://devcenter.heroku.com/articles/deploying-python},
	abstract = {Understanding Python Applications on Heroku},
	language = {en},
	urldate = {2022-12-17},
}

@misc{githubpages,
	title = {{GitHub} {Pages}},
	url = {https://pages.github.com/},
	abstract = {Websites for you and your projects, hosted directly from your GitHub repository. Just edit, push, and your changes are live.},
	language = {en},
	urldate = {2022-12-17},
	journal = {GitHub Pages},
}

@misc{django,
	title = {Django introduction - {Learn} web development {\textbar} {MDN}},
	url = {https://developer.mozilla.org/en-US/docs/Learn/Server-side/Django/Introduction},
	abstract = {Congratulations, you've completed the first step in your Django journey! You should now understand Django's main benefits, a little about its history, and roughly what each of the main parts of a Django app might look like. You should have also learned a few things about the Python programming language, including the syntax for lists, functions, and classes.},
	language = {en-US},
	urldate = {2022-12-17},
}

@misc{webmo,
	title = {{WebMO} {System} {Requirements}},
	url = {https://www.webmo.net/about/requirements.html},
	urldate = {2022-12-17},
}


@book{miessler_inorganic_2014,
	address = {Boston},
	edition = {Fifth edition},
	title = {Inorganic chemistry},
	isbn = {9780321811059},
	publisher = {Pearson},
	author = {Miessler, Gary L. and Fischer, Paul J. and Tarr, Donald A.},
	year = {2014},
	keywords = {Chemistry, Inorganic, Textbooks},
}